
@article{greenwade93,
    author  = "George D. Greenwade",
    title   = "The {C}omprehensive {T}ex {A}rchive {N}etwork ({CTAN})",
    year    = "1993",
    journal = "TUGBoat",
    volume  = "14",
    number  = "3",
    pages   = "342--351"
}

@misc{hasapannyo-zodiac,
  title = "The Lunar and Solar Zodiac",
  author = "H캐sapa침침o Bhikkhu",
  year = "2011",
}

@misc{vajiro-adhikamasa,
  title = {The solar \& lunar cycles -- explanations \& adjustments},
  author = {Vajiro Bhikkhu},
}

@misc{khemanando-adhikamasa,
  title = "The Cycle of the Adhikam캐sa",
  author = "Khemanando Bhikkhu",
}

@article{royalinst-calendarera2004,
  title = "Calendar and Era in use in Thailand",
  author = "Visudh Busyakul",
  year = "2004",
  journal = "The Journal of the Royal Institute of Thailand",
  note = "Accessed 2014-10-02",
  howpublished = "\url{http://www.royin.go.th/upload/61/FileUpload/33_8433.pdf}",
}

@article{eade-interpolation,
  title = {Rules for interpolation in the Thai Calendar: \emph{Suriyayatra} versus the \emph{Sasana}},
  author = {Eade,J.C.},
  year = "2000",
  journal = "Journal of the Siam Society",
  volume = "88",
  number = "1 and 2",
  howpublished = "\url{http://www.siamese-heritage.org/jsspdf/1991/JSS_088_0r_Eade_RulesForInterpolationInThaiCalendar.pdf}",
  note = "Accessed 2014-10-02",
}

@article{eade2000rules,
  title={Rules for interpolation in the Thai calendar},
  author = {Eade,J.C.},
  journal={Journal of the Siam Society},
  volume={88},
  pages={195},
  year={2000}
}

@article{eade-intercalacation,
author = {Eade,J.C.},
title = {Southeast Asian Intercalation: Variations and Complexities},
journal = {Journal of Southeast Asian Studies},
volume = {24},
issue = {02},
month = {9},
year = {1993},
issn = {1474-0680},
pages = {239--250},
numpages = {12},
doi = {10.1017/S0022463400002617},
URL = {http://journals.cambridge.org/article_S0022463400002617},
}


@article{diller2000thai,
  title={Thai Time},
  author={Diller, Anthony and Juntanamalaga, Preecha},
  journal={Made available in DSpace on 2011-01-05T08: 47: 55Z (GMT). No. of bitstreams: 6 thai\_time. gif: 2190 bytes, checksum: bb08c158a3fd2dbdac783285aebbba52 (MD5) style. css: 2089 bytes, checksum: b8da850b9a81604956868f6f4c497587 (MD5) thai\_time. html: 74586 bytes, checksum: d30e6d4c0258444399f00f802925a39b (MD5) thai\_time. html. txt: 64308 bytes, checksum: c369a0c21cbefbda13d92a2500da3923 (MD5) thai\_time. gif. jpg: 1701 bytes, checksum: 6be8a8a9ded08cb3637a93f4470d0db5 (MD5) thai\_time. gif. preview. jpg: 9191 bytes, checksum: a3007c72c105afbc8c4a13acae391996 (MD5) Previous issue date: 2004-09-28T03: 57: 07Z},
  year={2000},
  publisher={The Australian National University}
}

@article{eade2007irregular,
  title={Irregular dating in Lan Na: an anomaly resolved},
  author = {Eade,J.C.},
  journal={Journal of the Siam Society},
  volume={95},
  year={2007}
}

@article{eade-calendrical,
  title={The calendrical systems of mainland South-East Asia},
  author = {Eade,J.C.},
  year={1995},
  publisher={Brill},
  URL={http://www.google.pt/books?id=d5C8adRzSEQC&lpg=PR12&ots=Vvo672kpRw&lr&pg=PP1#v=onepage&q&f=false},
}

@article{eade1993southeast,
  title={Southeast Asian intercalation: variations and complexities},
  author = {Eade,J.C.},
  journal={Journal of Southeast Asian Studies},
  volume={24},
  number={02},
  pages={239--250},
  year={1993},
  publisher={Cambridge University Press}
}

@article{eade1999round,
  title={ROUND-NUMBER RECKONING IN THAI FOR THE 5000 YEARS OF THE BUDDHA},
  author = {Eade,J.C.},
  journal={The Journal of the Siam Society},
  volume={86},
  pages={227},
  year={1999}
}

@book{prasert-ngan,
title={Ngan charuk lae prawatisat},
author={Prasert na Nagara},
}
